<record><leader>00000cas a22000007a 4500</leader><controlfield tag="001">25374640</controlfield><controlfield tag="008">920302d19101910okuwr ne      0    0eng d</controlfield><datafield ind1=" " ind2=" " tag="010"><subfield code="a">sn 92061746 </subfield></datafield><datafield ind1=" " ind2=" " tag="040"><subfield code="a">NYS</subfield><subfield code="b">eng</subfield><subfield code="c">NYS</subfield><subfield code="d">OBN</subfield><subfield code="d">OCLCQ</subfield><subfield code="d">OCLCO</subfield></datafield><datafield ind1="1" ind2=" " tag="029"><subfield code="a">AU@</subfield><subfield code="b">000020706777</subfield></datafield><datafield ind1=" " ind2=" " tag="042"><subfield code="a">msc</subfield></datafield><datafield ind1="0" ind2=" " tag="130"><subfield code="a">Rogers County leader (Foyil, Okla. : 1910)</subfield></datafield><datafield ind1="0" ind2="0" tag="245"><subfield code="a">Rogers County leader.</subfield></datafield><datafield ind1="3" ind2=" " tag="246"><subfield code="a">Leader</subfield></datafield><datafield ind1=" " ind2=" " tag="260"><subfield code="a">Foyil, Okla. :</subfield><subfield code="b">William R. Harper</subfield></datafield><datafield ind1=" " ind2=" " tag="300"><subfield code="a">v.</subfield></datafield><datafield ind1=" " ind2=" " tag="310"><subfield code="a">Weekly</subfield></datafield><datafield ind1="0" ind2=" " tag="362"><subfield code="a">Vol. 1, no. 1 (Mar. 4, 1910)-v. 1, no. 36 (Sep. 30, 1910).</subfield></datafield><datafield ind1=" " ind2=" " tag="500"><subfield code="a">Published in Claremore, Okla., May 5, 1911-Jan. 12, 1912.</subfield></datafield><datafield ind1=" " ind2="0" tag="651"><subfield code="a">Claremore (Okla.)</subfield><subfield code="v">Newspapers.</subfield></datafield><datafield ind1=" " ind2="0" tag="651"><subfield code="a">Foyil (Okla.)</subfield><subfield code="v">Newspapers.</subfield></datafield><datafield ind1=" " ind2="0" tag="651"><subfield code="a">Rogers County (Okla.)</subfield><subfield code="v">Newspapers.</subfield></datafield><datafield ind1=" " ind2=" " tag="752"><subfield code="a">United States</subfield><subfield code="b">Oklahoma</subfield><subfield code="c">Rogers</subfield><subfield code="d">Claremore.</subfield></datafield><datafield ind1=" " ind2=" " tag="752"><subfield code="a">United States</subfield><subfield code="b">Oklahoma</subfield><subfield code="c">Rogers</subfield><subfield code="d">Foyil.</subfield></datafield><datafield ind1="0" ind2="0" tag="785"><subfield code="t">Foyil City leader</subfield><subfield code="w">(DLC)sn 96093144</subfield><subfield code="w">(OCoLC)35871337</subfield></datafield></record>